%YAML 1.1
%TAG !u! tag:unity3d.com,2011:
--- !u!29 &1
OcclusionCullingSettings:
  m_ObjectHideFlags: 0
  serializedVersion: 2
  m_OcclusionBakeSettings:
    smallestOccluder: 5
    smallestHole: 0.25
    backfaceThreshold: 100
  m_SceneGUID: 00000000000000000000000000000000
  m_OcclusionCullingData: {fileID: 0}
--- !u!104 &2
RenderSettings:
  m_ObjectHideFlags: 0
  serializedVersion: 9
  m_Fog: 0
  m_FogColor: {r: 0.5, g: 0.5, b: 0.5, a: 1}
  m_FogMode: 3
  m_FogDensity: 0.01
  m_LinearFogStart: 0
  m_LinearFogEnd: 300
  m_AmbientSkyColor: {r: 0.212, g: 0.227, b: 0.259, a: 1}
  m_AmbientEquatorColor: {r: 0.114, g: 0.125, b: 0.133, a: 1}
  m_AmbientGroundColor: {r: 0.047, g: 0.043, b: 0.035, a: 1}
  m_AmbientIntensity: 1
  m_AmbientMode: 0
  m_SubtractiveShadowColor: {r: 0.42, g: 0.478, b: 0.627, a: 1}
  m_SkyboxMaterial: {fileID: 10304, guid: 0000000000000000f000000000000000, type: 0}
  m_HaloStrength: 0.5
  m_FlareStrength: 1
  m_FlareFadeSpeed: 3
  m_HaloTexture: {fileID: 0}
  m_SpotCookie: {fileID: 10001, guid: 0000000000000000e000000000000000, type: 0}
  m_DefaultReflectionMode: 0
  m_DefaultReflectionResolution: 128
  m_ReflectionBounces: 1
  m_ReflectionIntensity: 1
  m_CustomReflection: {fileID: 0}
  m_Sun: {fileID: 0}
  m_IndirectSpecularColor: {r: 0.37311992, g: 0.38074034, b: 0.35872713, a: 1}
  m_UseRadianceAmbientProbe: 0
--- !u!157 &3
LightmapSettings:
  m_ObjectHideFlags: 0
  serializedVersion: 11
  m_GIWorkflowMode: 0
  m_GISettings:
    serializedVersion: 2
    m_BounceScale: 1
    m_IndirectOutputScale: 1
    m_AlbedoBoost: 1
    m_TemporalCoherenceThreshold: 1
    m_EnvironmentLightingMode: 0
    m_EnableBakedLightmaps: 1
    m_EnableRealtimeLightmaps: 1
  m_LightmapEditorSettings:
    serializedVersion: 10
    m_Resolution: 2
    m_BakeResolution: 40
    m_AtlasSize: 1024
    m_AO: 0
    m_AOMaxDistance: 1
    m_CompAOExponent: 1
    m_CompAOExponentDirect: 0
    m_Padding: 2
    m_LightmapParameters: {fileID: 0}
    m_LightmapsBakeMode: 1
    m_TextureCompression: 1
    m_FinalGather: 0
    m_FinalGatherFiltering: 1
    m_FinalGatherRayCount: 256
    m_ReflectionCompression: 2
    m_MixedBakeMode: 2
    m_BakeBackend: 1
    m_PVRSampling: 1
    m_PVRDirectSampleCount: 32
    m_PVRSampleCount: 500
    m_PVRBounces: 2
    m_PVRFilterTypeDirect: 0
    m_PVRFilterTypeIndirect: 0
    m_PVRFilterTypeAO: 0
    m_PVRFilteringMode: 1
    m_PVRCulling: 1
    m_PVRFilteringGaussRadiusDirect: 1
    m_PVRFilteringGaussRadiusIndirect: 5
    m_PVRFilteringGaussRadiusAO: 2
    m_PVRFilteringAtrousPositionSigmaDirect: 0.5
    m_PVRFilteringAtrousPositionSigmaIndirect: 2
    m_PVRFilteringAtrousPositionSigmaAO: 1
    m_ShowResolutionOverlay: 1
  m_LightingDataAsset: {fileID: 0}
  m_UseShadowmask: 1
--- !u!196 &4
NavMeshSettings:
  serializedVersion: 2
  m_ObjectHideFlags: 0
  m_BuildSettings:
    serializedVersion: 2
    agentTypeID: 0
    agentRadius: 0.5
    agentHeight: 2
    agentSlope: 45
    agentClimb: 0.4
    ledgeDropHeight: 0
    maxJumpAcrossDistance: 0
    minRegionArea: 2
    manualCellSize: 0
    cellSize: 0.16666667
    manualTileSize: 0
    tileSize: 256
    accuratePlacement: 0
    debug:
      m_Flags: 0
  m_NavMeshData: {fileID: 0}
--- !u!1001 &14029000
Prefab:
  m_ObjectHideFlags: 0
  serializedVersion: 2
  m_Modification:
    m_TransformParent: {fileID: 0}
    m_Modifications:
    - target: {fileID: 400000, guid: 5e9e851c0e142814dac026a256ba2ac0, type: 2}
      propertyPath: m_LocalPosition.x
      value: 0
      objectReference: {fileID: 0}
    - target: {fileID: 400000, guid: 5e9e851c0e142814dac026a256ba2ac0, type: 2}
      propertyPath: m_LocalPosition.y
      value: 3
      objectReference: {fileID: 0}
    - target: {fileID: 400000, guid: 5e9e851c0e142814dac026a256ba2ac0, type: 2}
      propertyPath: m_LocalPosition.z
      value: 0
      objectReference: {fileID: 0}
    - target: {fileID: 400000, guid: 5e9e851c0e142814dac026a256ba2ac0, type: 2}
      propertyPath: m_LocalRotation.x
      value: 0
      objectReference: {fileID: 0}
    - target: {fileID: 400000, guid: 5e9e851c0e142814dac026a256ba2ac0, type: 2}
      propertyPath: m_LocalRotation.y
      value: 0
      objectReference: {fileID: 0}
    - target: {fileID: 400000, guid: 5e9e851c0e142814dac026a256ba2ac0, type: 2}
      propertyPath: m_LocalRotation.z
      value: 0
      objectReference: {fileID: 0}
    - target: {fileID: 400000, guid: 5e9e851c0e142814dac026a256ba2ac0, type: 2}
      propertyPath: m_LocalRotation.w
      value: 1
      objectReference: {fileID: 0}
    - target: {fileID: 400000, guid: 5e9e851c0e142814dac026a256ba2ac0, type: 2}
      propertyPath: m_RootOrder
      value: 0
      objectReference: {fileID: 0}
    - target: {fileID: 114309485379871852, guid: 5e9e851c0e142814dac026a256ba2ac0,
        type: 2}
      propertyPath: text
      value: 
      objectReference: {fileID: 1106631097}
    - target: {fileID: 82120504440747690, guid: 5e9e851c0e142814dac026a256ba2ac0,
        type: 2}
      propertyPath: m_Volume
      value: 0.08
      objectReference: {fileID: 0}
    - target: {fileID: 82120504440747690, guid: 5e9e851c0e142814dac026a256ba2ac0,
        type: 2}
      propertyPath: m_Pitch
      value: 2.8
      objectReference: {fileID: 0}
    - target: {fileID: 82120504440747690, guid: 5e9e851c0e142814dac026a256ba2ac0,
        type: 2}
      propertyPath: panLevelCustomCurve.m_Curve.Array.data[0].value
      value: 1
      objectReference: {fileID: 0}
    - target: {fileID: 20652470516677042, guid: 5e9e851c0e142814dac026a256ba2ac0,
        type: 2}
      propertyPath: m_BackGroundColor.r
      value: 0.14142385
      objectReference: {fileID: 0}
    - target: {fileID: 20652470516677042, guid: 5e9e851c0e142814dac026a256ba2ac0,
        type: 2}
      propertyPath: m_BackGroundColor.g
      value: 0.3752386
      objectReference: {fileID: 0}
    - target: {fileID: 20652470516677042, guid: 5e9e851c0e142814dac026a256ba2ac0,
        type: 2}
      propertyPath: m_BackGroundColor.b
      value: 0.20432962
      objectReference: {fileID: 0}
    - target: {fileID: 20753597853905412, guid: 5e9e851c0e142814dac026a256ba2ac0,
        type: 2}
      propertyPath: m_BackGroundColor.r
      value: 0.14142385
      objectReference: {fileID: 0}
    - target: {fileID: 20753597853905412, guid: 5e9e851c0e142814dac026a256ba2ac0,
        type: 2}
      propertyPath: m_BackGroundColor.g
      value: 0.3752386
      objectReference: {fileID: 0}
    - target: {fileID: 20753597853905412, guid: 5e9e851c0e142814dac026a256ba2ac0,
        type: 2}
      propertyPath: m_BackGroundColor.b
      value: 0.20432962
      objectReference: {fileID: 0}
    - target: {fileID: 20562604758623564, guid: 5e9e851c0e142814dac026a256ba2ac0,
        type: 2}
      propertyPath: m_BackGroundColor.r
      value: 0.14142385
      objectReference: {fileID: 0}
    - target: {fileID: 20562604758623564, guid: 5e9e851c0e142814dac026a256ba2ac0,
        type: 2}
      propertyPath: m_BackGroundColor.g
      value: 0.3752386
      objectReference: {fileID: 0}
    - target: {fileID: 20562604758623564, guid: 5e9e851c0e142814dac026a256ba2ac0,
        type: 2}
      propertyPath: m_BackGroundColor.b
      value: 0.20432962
      objectReference: {fileID: 0}
    - target: {fileID: 20595511409725288, guid: 5e9e851c0e142814dac026a256ba2ac0,
        type: 2}
      propertyPath: m_BackGroundColor.r
      value: 0.14142385
      objectReference: {fileID: 0}
    - target: {fileID: 20595511409725288, guid: 5e9e851c0e142814dac026a256ba2ac0,
        type: 2}
      propertyPath: m_BackGroundColor.g
      value: 0.3752386
      objectReference: {fileID: 0}
    - target: {fileID: 20595511409725288, guid: 5e9e851c0e142814dac026a256ba2ac0,
        type: 2}
      propertyPath: m_BackGroundColor.b
      value: 0.20432962
      objectReference: {fileID: 0}
    m_RemovedComponents: []
  m_SourcePrefab: {fileID: 100100000, guid: 5e9e851c0e142814dac026a256ba2ac0, type: 2}
  m_IsPrefabAsset: 0
--- !u!1 &260807628
GameObject:
  m_ObjectHideFlags: 0
  m_CorrespondingSourceObject: {fileID: 1194996470777568, guid: 77037410433b3d8479757e53408a412b,
    type: 2}
  m_PrefabInternal: {fileID: 0}
  serializedVersion: 6
  m_Component:
  - component: {fileID: 260807629}
  - component: {fileID: 260807632}
  - component: {fileID: 260807631}
  - component: {fileID: 260807630}
  m_Layer: 0
  m_Name: North
  m_TagString: Untagged
  m_Icon: {fileID: 0}
  m_NavMeshLayer: 0
  m_StaticEditorFlags: 0
  m_IsActive: 1
--- !u!4 &260807629
Transform:
  m_ObjectHideFlags: 0
  m_CorrespondingSourceObject: {fileID: 4190569356727892, guid: 77037410433b3d8479757e53408a412b,
    type: 2}
  m_PrefabInternal: {fileID: 0}
  m_GameObject: {fileID: 260807628}
  m_LocalRotation: {x: -0, y: -0, z: -0, w: 1}
  m_LocalPosition: {x: 0, y: 0, z: 23}
  m_LocalScale: {x: 10, y: 100, z: 10}
  m_Children: []
  m_Father: {fileID: 1378500045}
  m_RootOrder: 0
  m_LocalEulerAnglesHint: {x: 0, y: 0, z: 0}
--- !u!136 &260807630
CapsuleCollider:
  m_ObjectHideFlags: 0
  m_CorrespondingSourceObject: {fileID: 136911391119464504, guid: 77037410433b3d8479757e53408a412b,
    type: 2}
  m_PrefabInternal: {fileID: 0}
  m_GameObject: {fileID: 260807628}
  m_Material: {fileID: 0}
  m_IsTrigger: 0
  m_Enabled: 1
  m_Radius: 0.5000001
  m_Height: 2
  m_Direction: 1
  m_Center: {x: 0.000000059604645, y: 0, z: -0.00000008940697}
--- !u!23 &260807631
MeshRenderer:
  m_ObjectHideFlags: 0
  m_CorrespondingSourceObject: {fileID: 23039436325029316, guid: 77037410433b3d8479757e53408a412b,
    type: 2}
  m_PrefabInternal: {fileID: 0}
  m_GameObject: {fileID: 260807628}
  m_Enabled: 1
  m_CastShadows: 1
  m_ReceiveShadows: 1
  m_DynamicOccludee: 1
  m_MotionVectors: 1
  m_LightProbeUsage: 1
  m_ReflectionProbeUsage: 1
  m_RenderingLayerMask: 4294967295
  m_Materials:
  - {fileID: 2100000, guid: 15bdd6592ee19e74e87edd5382df76c0, type: 2}
  m_StaticBatchInfo:
    firstSubMesh: 0
    subMeshCount: 0
  m_StaticBatchRoot: {fileID: 0}
  m_ProbeAnchor: {fileID: 0}
  m_LightProbeVolumeOverride: {fileID: 0}
  m_ScaleInLightmap: 1
  m_PreserveUVs: 0
  m_IgnoreNormalsForChartDetection: 0
  m_ImportantGI: 0
  m_StitchLightmapSeams: 0
  m_SelectedEditorRenderState: 3
  m_MinimumChartSize: 4
  m_AutoUVMaxDistance: 0.5
  m_AutoUVMaxAngle: 89
  m_LightmapParameters: {fileID: 0}
  m_SortingLayerID: 0
  m_SortingLayer: 0
  m_SortingOrder: 0
--- !u!33 &260807632
MeshFilter:
  m_ObjectHideFlags: 0
  m_CorrespondingSourceObject: {fileID: 33579253556382778, guid: 77037410433b3d8479757e53408a412b,
    type: 2}
  m_PrefabInternal: {fileID: 0}
  m_GameObject: {fileID: 260807628}
  m_Mesh: {fileID: 10206, guid: 0000000000000000e000000000000000, type: 0}
--- !u!1 &433325274
GameObject:
  m_ObjectHideFlags: 0
  m_CorrespondingSourceObject: {fileID: 1610117387497080, guid: 77037410433b3d8479757e53408a412b,
    type: 2}
  m_PrefabInternal: {fileID: 0}
  serializedVersion: 6
  m_Component:
  - component: {fileID: 433325275}
  - component: {fileID: 433325278}
  - component: {fileID: 433325277}
  - component: {fileID: 433325276}
  m_Layer: 0
  m_Name: East
  m_TagString: Untagged
  m_Icon: {fileID: 0}
  m_NavMeshLayer: 0
  m_StaticEditorFlags: 0
  m_IsActive: 1
--- !u!4 &433325275
Transform:
  m_ObjectHideFlags: 0
  m_CorrespondingSourceObject: {fileID: 4602414043940320, guid: 77037410433b3d8479757e53408a412b,
    type: 2}
  m_PrefabInternal: {fileID: 0}
  m_GameObject: {fileID: 433325274}
  m_LocalRotation: {x: -0, y: -0, z: -0, w: 1}
  m_LocalPosition: {x: 23, y: 0, z: 0}
  m_LocalScale: {x: 10, y: 100, z: 10}
  m_Children: []
  m_Father: {fileID: 1668332449}
  m_RootOrder: 1
  m_LocalEulerAnglesHint: {x: 0, y: 0, z: 0}
--- !u!136 &433325276
CapsuleCollider:
  m_ObjectHideFlags: 0
  m_CorrespondingSourceObject: {fileID: 136379857875763642, guid: 77037410433b3d8479757e53408a412b,
    type: 2}
  m_PrefabInternal: {fileID: 0}
  m_GameObject: {fileID: 433325274}
  m_Material: {fileID: 0}
  m_IsTrigger: 0
  m_Enabled: 1
  m_Radius: 0.5000001
  m_Height: 2
  m_Direction: 1
  m_Center: {x: 0.000000059604645, y: 0, z: -0.00000008940697}
--- !u!23 &433325277
MeshRenderer:
  m_ObjectHideFlags: 0
  m_CorrespondingSourceObject: {fileID: 23638266219814010, guid: 77037410433b3d8479757e53408a412b,
    type: 2}
  m_PrefabInternal: {fileID: 0}
  m_GameObject: {fileID: 433325274}
  m_Enabled: 1
  m_CastShadows: 1
  m_ReceiveShadows: 1
  m_DynamicOccludee: 1
  m_MotionVectors: 1
  m_LightProbeUsage: 1
  m_ReflectionProbeUsage: 1
  m_RenderingLayerMask: 4294967295
  m_Materials:
  - {fileID: 2100000, guid: 15bdd6592ee19e74e87edd5382df76c0, type: 2}
  m_StaticBatchInfo:
    firstSubMesh: 0
    subMeshCount: 0
  m_StaticBatchRoot: {fileID: 0}
  m_ProbeAnchor: {fileID: 0}
  m_LightProbeVolumeOverride: {fileID: 0}
  m_ScaleInLightmap: 1
  m_PreserveUVs: 0
  m_IgnoreNormalsForChartDetection: 0
  m_ImportantGI: 0
  m_StitchLightmapSeams: 0
  m_SelectedEditorRenderState: 3
  m_MinimumChartSize: 4
  m_AutoUVMaxDistance: 0.5
  m_AutoUVMaxAngle: 89
  m_LightmapParameters: {fileID: 0}
  m_SortingLayerID: 0
  m_SortingLayer: 0
  m_SortingOrder: 0
--- !u!33 &433325278
MeshFilter:
  m_ObjectHideFlags: 0
  m_CorrespondingSourceObject: {fileID: 33119268180672652, guid: 77037410433b3d8479757e53408a412b,
    type: 2}
  m_PrefabInternal: {fileID: 0}
  m_GameObject: {fileID: 433325274}
  m_Mesh: {fileID: 10206, guid: 0000000000000000e000000000000000, type: 0}
--- !u!1 &624807567
GameObject:
  m_ObjectHideFlags: 0
  m_CorrespondingSourceObject: {fileID: 1172670872579898, guid: 77037410433b3d8479757e53408a412b,
    type: 2}
  m_PrefabInternal: {fileID: 0}
  serializedVersion: 6
  m_Component:
  - component: {fileID: 624807571}
  - component: {fileID: 624807570}
  - component: {fileID: 624807569}
  - component: {fileID: 624807568}
  m_Layer: 0
  m_Name: North
  m_TagString: Untagged
  m_Icon: {fileID: 0}
  m_NavMeshLayer: 0
  m_StaticEditorFlags: 0
  m_IsActive: 1
--- !u!136 &624807568
CapsuleCollider:
  m_ObjectHideFlags: 0
  m_CorrespondingSourceObject: {fileID: 136083141718076008, guid: 77037410433b3d8479757e53408a412b,
    type: 2}
  m_PrefabInternal: {fileID: 0}
  m_GameObject: {fileID: 624807567}
  m_Material: {fileID: 0}
  m_IsTrigger: 0
  m_Enabled: 1
  m_Radius: 0.5000001
  m_Height: 2
  m_Direction: 1
  m_Center: {x: 0.000000059604645, y: 0, z: -0.00000008940697}
--- !u!23 &624807569
MeshRenderer:
  m_ObjectHideFlags: 0
  m_CorrespondingSourceObject: {fileID: 23223525567406774, guid: 77037410433b3d8479757e53408a412b,
    type: 2}
  m_PrefabInternal: {fileID: 0}
  m_GameObject: {fileID: 624807567}
  m_Enabled: 1
  m_CastShadows: 1
  m_ReceiveShadows: 1
  m_DynamicOccludee: 1
  m_MotionVectors: 1
  m_LightProbeUsage: 1
  m_ReflectionProbeUsage: 1
  m_RenderingLayerMask: 4294967295
  m_Materials:
  - {fileID: 2100000, guid: 15bdd6592ee19e74e87edd5382df76c0, type: 2}
  m_StaticBatchInfo:
    firstSubMesh: 0
    subMeshCount: 0
  m_StaticBatchRoot: {fileID: 0}
  m_ProbeAnchor: {fileID: 0}
  m_LightProbeVolumeOverride: {fileID: 0}
  m_ScaleInLightmap: 1
  m_PreserveUVs: 0
  m_IgnoreNormalsForChartDetection: 0
  m_ImportantGI: 0
  m_StitchLightmapSeams: 0
  m_SelectedEditorRenderState: 3
  m_MinimumChartSize: 4
  m_AutoUVMaxDistance: 0.5
  m_AutoUVMaxAngle: 89
  m_LightmapParameters: {fileID: 0}
  m_SortingLayerID: 0
  m_SortingLayer: 0
  m_SortingOrder: 0
--- !u!33 &624807570
MeshFilter:
  m_ObjectHideFlags: 0
  m_CorrespondingSourceObject: {fileID: 33243444711351088, guid: 77037410433b3d8479757e53408a412b,
    type: 2}
  m_PrefabInternal: {fileID: 0}
  m_GameObject: {fileID: 624807567}
  m_Mesh: {fileID: 10206, guid: 0000000000000000e000000000000000, type: 0}
--- !u!4 &624807571
Transform:
  m_ObjectHideFlags: 0
  m_CorrespondingSourceObject: {fileID: 4519041773624480, guid: 77037410433b3d8479757e53408a412b,
    type: 2}
  m_PrefabInternal: {fileID: 0}
  m_GameObject: {fileID: 624807567}
  m_LocalRotation: {x: -0, y: -0, z: -0, w: 1}
  m_LocalPosition: {x: 0, y: 0, z: 23}
  m_LocalScale: {x: 10, y: 100, z: 10}
  m_Children: []
  m_Father: {fileID: 1187385603}
  m_RootOrder: 0
  m_LocalEulerAnglesHint: {x: 0, y: 0, z: 0}
--- !u!1 &693060002
GameObject:
  m_ObjectHideFlags: 0
  m_CorrespondingSourceObject: {fileID: 1334063711311956, guid: 77037410433b3d8479757e53408a412b,
    type: 2}
  m_PrefabInternal: {fileID: 0}
  serializedVersion: 6
  m_Component:
  - component: {fileID: 693060006}
  - component: {fileID: 693060005}
  - component: {fileID: 693060004}
  - component: {fileID: 693060003}
  m_Layer: 0
  m_Name: West
  m_TagString: Untagged
  m_Icon: {fileID: 0}
  m_NavMeshLayer: 0
  m_StaticEditorFlags: 0
  m_IsActive: 1
--- !u!136 &693060003
CapsuleCollider:
  m_ObjectHideFlags: 0
  m_CorrespondingSourceObject: {fileID: 136861123974160956, guid: 77037410433b3d8479757e53408a412b,
    type: 2}
  m_PrefabInternal: {fileID: 0}
  m_GameObject: {fileID: 693060002}
  m_Material: {fileID: 0}
  m_IsTrigger: 0
  m_Enabled: 1
  m_Radius: 0.5000001
  m_Height: 2
  m_Direction: 1
  m_Center: {x: 0.000000059604645, y: 0, z: -0.00000008940697}
--- !u!23 &693060004
MeshRenderer:
  m_ObjectHideFlags: 0
  m_CorrespondingSourceObject: {fileID: 23254401522563068, guid: 77037410433b3d8479757e53408a412b,
    type: 2}
  m_PrefabInternal: {fileID: 0}
  m_GameObject: {fileID: 693060002}
  m_Enabled: 1
  m_CastShadows: 1
  m_ReceiveShadows: 1
  m_DynamicOccludee: 1
  m_MotionVectors: 1
  m_LightProbeUsage: 1
  m_ReflectionProbeUsage: 1
  m_RenderingLayerMask: 4294967295
  m_Materials:
  - {fileID: 2100000, guid: 15bdd6592ee19e74e87edd5382df76c0, type: 2}
  m_StaticBatchInfo:
    firstSubMesh: 0
    subMeshCount: 0
  m_StaticBatchRoot: {fileID: 0}
  m_ProbeAnchor: {fileID: 0}
  m_LightProbeVolumeOverride: {fileID: 0}
  m_ScaleInLightmap: 1
  m_PreserveUVs: 0
  m_IgnoreNormalsForChartDetection: 0
  m_ImportantGI: 0
  m_StitchLightmapSeams: 0
  m_SelectedEditorRenderState: 3
  m_MinimumChartSize: 4
  m_AutoUVMaxDistance: 0.5
  m_AutoUVMaxAngle: 89
  m_LightmapParameters: {fileID: 0}
  m_SortingLayerID: 0
  m_SortingLayer: 0
  m_SortingOrder: 0
--- !u!33 &693060005
MeshFilter:
  m_ObjectHideFlags: 0
  m_CorrespondingSourceObject: {fileID: 33699556161701800, guid: 77037410433b3d8479757e53408a412b,
    type: 2}
  m_PrefabInternal: {fileID: 0}
  m_GameObject: {fileID: 693060002}
  m_Mesh: {fileID: 10206, guid: 0000000000000000e000000000000000, type: 0}
--- !u!4 &693060006
Transform:
  m_ObjectHideFlags: 0
  m_CorrespondingSourceObject: {fileID: 4274412594082358, guid: 77037410433b3d8479757e53408a412b,
    type: 2}
  m_PrefabInternal: {fileID: 0}
  m_GameObject: {fileID: 693060002}
  m_LocalRotation: {x: -0, y: -0, z: -0, w: 1}
  m_LocalPosition: {x: -23, y: 0, z: 0}
  m_LocalScale: {x: 10, y: 100, z: 10}
  m_Children: []
  m_Father: {fileID: 1187385603}
  m_RootOrder: 2
  m_LocalEulerAnglesHint: {x: 0, y: 0, z: 0}
--- !u!1 &725062057
GameObject:
  m_ObjectHideFlags: 0
  m_CorrespondingSourceObject: {fileID: 0}
  m_PrefabInternal: {fileID: 0}
  serializedVersion: 6
  m_Component:
  - component: {fileID: 725062060}
  - component: {fileID: 725062059}
  - component: {fileID: 725062058}
  m_Layer: 0
  m_Name: EventSystem
  m_TagString: Untagged
  m_Icon: {fileID: 0}
  m_NavMeshLayer: 0
  m_StaticEditorFlags: 0
  m_IsActive: 1
--- !u!114 &725062058
MonoBehaviour:
  m_ObjectHideFlags: 0
  m_CorrespondingSourceObject: {fileID: 0}
  m_PrefabInternal: {fileID: 0}
  m_GameObject: {fileID: 725062057}
  m_Enabled: 1
  m_EditorHideFlags: 0
  m_Script: {fileID: 1077351063, guid: f70555f144d8491a825f0804e09c671c, type: 3}
  m_Name: 
  m_EditorClassIdentifier: 
  m_HorizontalAxis: Horizontal
  m_VerticalAxis: Vertical
  m_SubmitButton: Submit
  m_CancelButton: Cancel
  m_InputActionsPerSecond: 10
  m_RepeatDelay: 0.5
  m_ForceModuleActive: 0
--- !u!114 &725062059
MonoBehaviour:
  m_ObjectHideFlags: 0
  m_CorrespondingSourceObject: {fileID: 0}
  m_PrefabInternal: {fileID: 0}
  m_GameObject: {fileID: 725062057}
  m_Enabled: 1
  m_EditorHideFlags: 0
  m_Script: {fileID: -619905303, guid: f70555f144d8491a825f0804e09c671c, type: 3}
  m_Name: 
  m_EditorClassIdentifier: 
  m_FirstSelected: {fileID: 0}
  m_sendNavigationEvents: 1
  m_DragThreshold: 10
--- !u!4 &725062060
Transform:
  m_ObjectHideFlags: 0
  m_CorrespondingSourceObject: {fileID: 0}
  m_PrefabInternal: {fileID: 0}
  m_GameObject: {fileID: 725062057}
  m_LocalRotation: {x: 0, y: 0, z: 0, w: 1}
  m_LocalPosition: {x: 0, y: 0, z: 0}
  m_LocalScale: {x: 1, y: 1, z: 1}
  m_Children: []
  m_Father: {fileID: 0}
  m_RootOrder: 3
  m_LocalEulerAnglesHint: {x: 0, y: 0, z: 0}
--- !u!1 &809405946
GameObject:
  m_ObjectHideFlags: 0
  m_CorrespondingSourceObject: {fileID: 1705947038919414, guid: 77037410433b3d8479757e53408a412b,
    type: 2}
  m_PrefabInternal: {fileID: 0}
  serializedVersion: 6
  m_Component:
  - component: {fileID: 809405947}
  - component: {fileID: 809405950}
  - component: {fileID: 809405949}
  - component: {fileID: 809405948}
  m_Layer: 0
  m_Name: North
  m_TagString: Untagged
  m_Icon: {fileID: 0}
  m_NavMeshLayer: 0
  m_StaticEditorFlags: 0
  m_IsActive: 1
--- !u!4 &809405947
Transform:
  m_ObjectHideFlags: 0
  m_CorrespondingSourceObject: {fileID: 4853911096990080, guid: 77037410433b3d8479757e53408a412b,
    type: 2}
  m_PrefabInternal: {fileID: 0}
  m_GameObject: {fileID: 809405946}
  m_LocalRotation: {x: -0, y: -0, z: -0, w: 1}
  m_LocalPosition: {x: 0, y: 0, z: 23}
  m_LocalScale: {x: 10, y: 100, z: 10}
  m_Children: []
  m_Father: {fileID: 1668332449}
  m_RootOrder: 0
  m_LocalEulerAnglesHint: {x: 0, y: 0, z: 0}
--- !u!136 &809405948
CapsuleCollider:
  m_ObjectHideFlags: 0
  m_CorrespondingSourceObject: {fileID: 136596023788462340, guid: 77037410433b3d8479757e53408a412b,
    type: 2}
  m_PrefabInternal: {fileID: 0}
  m_GameObject: {fileID: 809405946}
  m_Material: {fileID: 0}
  m_IsTrigger: 0
  m_Enabled: 1
  m_Radius: 0.5000001
  m_Height: 2
  m_Direction: 1
  m_Center: {x: 0.000000059604645, y: 0, z: -0.00000008940697}
--- !u!23 &809405949
MeshRenderer:
  m_ObjectHideFlags: 0
  m_CorrespondingSourceObject: {fileID: 23410382527937314, guid: 77037410433b3d8479757e53408a412b,
    type: 2}
  m_PrefabInternal: {fileID: 0}
  m_GameObject: {fileID: 809405946}
  m_Enabled: 1
  m_CastShadows: 1
  m_ReceiveShadows: 1
  m_DynamicOccludee: 1
  m_MotionVectors: 1
  m_LightProbeUsage: 1
  m_ReflectionProbeUsage: 1
  m_RenderingLayerMask: 4294967295
  m_Materials:
  - {fileID: 2100000, guid: 15bdd6592ee19e74e87edd5382df76c0, type: 2}
  m_StaticBatchInfo:
    firstSubMesh: 0
    subMeshCount: 0
  m_StaticBatchRoot: {fileID: 0}
  m_ProbeAnchor: {fileID: 0}
  m_LightProbeVolumeOverride: {fileID: 0}
  m_ScaleInLightmap: 1
  m_PreserveUVs: 0
  m_IgnoreNormalsForChartDetection: 0
  m_ImportantGI: 0
  m_StitchLightmapSeams: 0
  m_SelectedEditorRenderState: 3
  m_MinimumChartSize: 4
  m_AutoUVMaxDistance: 0.5
  m_AutoUVMaxAngle: 89
  m_LightmapParameters: {fileID: 0}
  m_SortingLayerID: 0
  m_SortingLayer: 0
  m_SortingOrder: 0
--- !u!33 &809405950
MeshFilter:
  m_ObjectHideFlags: 0
  m_CorrespondingSourceObject: {fileID: 33815622606937692, guid: 77037410433b3d8479757e53408a412b,
    type: 2}
  m_PrefabInternal: {fileID: 0}
  m_GameObject: {fileID: 809405946}
  m_Mesh: {fileID: 10206, guid: 0000000000000000e000000000000000, type: 0}
--- !u!1 &842919082
GameObject:
  m_ObjectHideFlags: 0
  m_CorrespondingSourceObject: {fileID: 1845231726539390, guid: 77037410433b3d8479757e53408a412b,
    type: 2}
  m_PrefabInternal: {fileID: 0}
  serializedVersion: 6
  m_Component:
  - component: {fileID: 842919083}
  - component: {fileID: 842919086}
  - component: {fileID: 842919085}
  - component: {fileID: 842919084}
  m_Layer: 0
  m_Name: East
  m_TagString: Untagged
  m_Icon: {fileID: 0}
  m_NavMeshLayer: 0
  m_StaticEditorFlags: 0
  m_IsActive: 1
--- !u!4 &842919083
Transform:
  m_ObjectHideFlags: 0
  m_CorrespondingSourceObject: {fileID: 4090324035888838, guid: 77037410433b3d8479757e53408a412b,
    type: 2}
  m_PrefabInternal: {fileID: 0}
  m_GameObject: {fileID: 842919082}
  m_LocalRotation: {x: -0, y: -0, z: -0, w: 1}
  m_LocalPosition: {x: 23, y: 0, z: 0}
  m_LocalScale: {x: 10, y: 100, z: 10}
  m_Children: []
  m_Father: {fileID: 1378500045}
  m_RootOrder: 1
  m_LocalEulerAnglesHint: {x: 0, y: 0, z: 0}
--- !u!136 &842919084
CapsuleCollider:
  m_ObjectHideFlags: 0
  m_CorrespondingSourceObject: {fileID: 136021610533491422, guid: 77037410433b3d8479757e53408a412b,
    type: 2}
  m_PrefabInternal: {fileID: 0}
  m_GameObject: {fileID: 842919082}
  m_Material: {fileID: 0}
  m_IsTrigger: 0
  m_Enabled: 1
  m_Radius: 0.5000001
  m_Height: 2
  m_Direction: 1
  m_Center: {x: 0.000000059604645, y: 0, z: -0.00000008940697}
--- !u!23 &842919085
MeshRenderer:
  m_ObjectHideFlags: 0
  m_CorrespondingSourceObject: {fileID: 23939169731643198, guid: 77037410433b3d8479757e53408a412b,
    type: 2}
  m_PrefabInternal: {fileID: 0}
  m_GameObject: {fileID: 842919082}
  m_Enabled: 1
  m_CastShadows: 1
  m_ReceiveShadows: 1
  m_DynamicOccludee: 1
  m_MotionVectors: 1
  m_LightProbeUsage: 1
  m_ReflectionProbeUsage: 1
  m_RenderingLayerMask: 4294967295
  m_Materials:
  - {fileID: 2100000, guid: 15bdd6592ee19e74e87edd5382df76c0, type: 2}
  m_StaticBatchInfo:
    firstSubMesh: 0
    subMeshCount: 0
  m_StaticBatchRoot: {fileID: 0}
  m_ProbeAnchor: {fileID: 0}
  m_LightProbeVolumeOverride: {fileID: 0}
  m_ScaleInLightmap: 1
  m_PreserveUVs: 0
  m_IgnoreNormalsForChartDetection: 0
  m_ImportantGI: 0
  m_StitchLightmapSeams: 0
  m_SelectedEditorRenderState: 3
  m_MinimumChartSize: 4
  m_AutoUVMaxDistance: 0.5
  m_AutoUVMaxAngle: 89
  m_LightmapParameters: {fileID: 0}
  m_SortingLayerID: 0
  m_SortingLayer: 0
  m_SortingOrder: 0
--- !u!33 &842919086
MeshFilter:
  m_ObjectHideFlags: 0
  m_CorrespondingSourceObject: {fileID: 33435235831371082, guid: 77037410433b3d8479757e53408a412b,
    type: 2}
  m_PrefabInternal: {fileID: 0}
  m_GameObject: {fileID: 842919082}
  m_Mesh: {fileID: 10206, guid: 0000000000000000e000000000000000, type: 0}
--- !u!1 &1074430281
GameObject:
  m_ObjectHideFlags: 0
  m_CorrespondingSourceObject: {fileID: 1337924606669252, guid: 77037410433b3d8479757e53408a412b,
    type: 2}
  m_PrefabInternal: {fileID: 0}
  serializedVersion: 6
  m_Component:
  - component: {fileID: 1074430282}
  - component: {fileID: 1074430285}
  - component: {fileID: 1074430284}
  - component: {fileID: 1074430283}
  m_Layer: 0
  m_Name: West
  m_TagString: Untagged
  m_Icon: {fileID: 0}
  m_NavMeshLayer: 0
  m_StaticEditorFlags: 0
  m_IsActive: 1
--- !u!4 &1074430282
Transform:
  m_ObjectHideFlags: 0
  m_CorrespondingSourceObject: {fileID: 4207843055700250, guid: 77037410433b3d8479757e53408a412b,
    type: 2}
  m_PrefabInternal: {fileID: 0}
  m_GameObject: {fileID: 1074430281}
  m_LocalRotation: {x: -0, y: -0, z: -0, w: 1}
  m_LocalPosition: {x: -23, y: 0, z: 0}
  m_LocalScale: {x: 10, y: 100, z: 10}
  m_Children: []
  m_Father: {fileID: 1378500045}
  m_RootOrder: 2
  m_LocalEulerAnglesHint: {x: 0, y: 0, z: 0}
--- !u!136 &1074430283
CapsuleCollider:
  m_ObjectHideFlags: 0
  m_CorrespondingSourceObject: {fileID: 136768123883082114, guid: 77037410433b3d8479757e53408a412b,
    type: 2}
  m_PrefabInternal: {fileID: 0}
  m_GameObject: {fileID: 1074430281}
  m_Material: {fileID: 0}
  m_IsTrigger: 0
  m_Enabled: 1
  m_Radius: 0.5000001
  m_Height: 2
  m_Direction: 1
  m_Center: {x: 0.000000059604645, y: 0, z: -0.00000008940697}
--- !u!23 &1074430284
MeshRenderer:
  m_ObjectHideFlags: 0
  m_CorrespondingSourceObject: {fileID: 23615254145207110, guid: 77037410433b3d8479757e53408a412b,
    type: 2}
  m_PrefabInternal: {fileID: 0}
  m_GameObject: {fileID: 1074430281}
  m_Enabled: 1
  m_CastShadows: 1
  m_ReceiveShadows: 1
  m_DynamicOccludee: 1
  m_MotionVectors: 1
  m_LightProbeUsage: 1
  m_ReflectionProbeUsage: 1
  m_RenderingLayerMask: 4294967295
  m_Materials:
  - {fileID: 2100000, guid: 15bdd6592ee19e74e87edd5382df76c0, type: 2}
  m_StaticBatchInfo:
    firstSubMesh: 0
    subMeshCount: 0
  m_StaticBatchRoot: {fileID: 0}
  m_ProbeAnchor: {fileID: 0}
  m_LightProbeVolumeOverride: {fileID: 0}
  m_ScaleInLightmap: 1
  m_PreserveUVs: 0
  m_IgnoreNormalsForChartDetection: 0
  m_ImportantGI: 0
  m_StitchLightmapSeams: 0
  m_SelectedEditorRenderState: 3
  m_MinimumChartSize: 4
  m_AutoUVMaxDistance: 0.5
  m_AutoUVMaxAngle: 89
  m_LightmapParameters: {fileID: 0}
  m_SortingLayerID: 0
  m_SortingLayer: 0
  m_SortingOrder: 0
--- !u!33 &1074430285
MeshFilter:
  m_ObjectHideFlags: 0
  m_CorrespondingSourceObject: {fileID: 33453707792708512, guid: 77037410433b3d8479757e53408a412b,
    type: 2}
  m_PrefabInternal: {fileID: 0}
  m_GameObject: {fileID: 1074430281}
  m_Mesh: {fileID: 10206, guid: 0000000000000000e000000000000000, type: 0}
--- !u!1 &1104837581
GameObject:
  m_ObjectHideFlags: 0
  m_CorrespondingSourceObject: {fileID: 1962848966247018, guid: 77037410433b3d8479757e53408a412b,
    type: 2}
  m_PrefabInternal: {fileID: 0}
  serializedVersion: 6
  m_Component:
  - component: {fileID: 1104837585}
  - component: {fileID: 1104837584}
  - component: {fileID: 1104837583}
  - component: {fileID: 1104837582}
  m_Layer: 0
  m_Name: Center
  m_TagString: Untagged
  m_Icon: {fileID: 0}
  m_NavMeshLayer: 0
  m_StaticEditorFlags: 0
  m_IsActive: 1
--- !u!64 &1104837582
MeshCollider:
  m_ObjectHideFlags: 0
  m_CorrespondingSourceObject: {fileID: 64822194968467272, guid: 77037410433b3d8479757e53408a412b,
    type: 2}
  m_PrefabInternal: {fileID: 0}
  m_GameObject: {fileID: 1104837581}
  m_Material: {fileID: 0}
  m_IsTrigger: 0
  m_Enabled: 1
  serializedVersion: 3
  m_Convex: 0
  m_CookingOptions: 14
  m_SkinWidth: 0.01
  m_Mesh: {fileID: 10206, guid: 0000000000000000e000000000000000, type: 0}
--- !u!23 &1104837583
MeshRenderer:
  m_ObjectHideFlags: 0
  m_CorrespondingSourceObject: {fileID: 23823770240507536, guid: 77037410433b3d8479757e53408a412b,
    type: 2}
  m_PrefabInternal: {fileID: 0}
  m_GameObject: {fileID: 1104837581}
  m_Enabled: 1
  m_CastShadows: 1
  m_ReceiveShadows: 1
  m_DynamicOccludee: 1
  m_MotionVectors: 1
  m_LightProbeUsage: 1
  m_ReflectionProbeUsage: 1
  m_RenderingLayerMask: 4294967295
  m_Materials:
  - {fileID: 2100000, guid: 15bdd6592ee19e74e87edd5382df76c0, type: 2}
  m_StaticBatchInfo:
    firstSubMesh: 0
    subMeshCount: 0
  m_StaticBatchRoot: {fileID: 0}
  m_ProbeAnchor: {fileID: 0}
  m_LightProbeVolumeOverride: {fileID: 0}
  m_ScaleInLightmap: 1
  m_PreserveUVs: 0
  m_IgnoreNormalsForChartDetection: 0
  m_ImportantGI: 0
  m_StitchLightmapSeams: 0
  m_SelectedEditorRenderState: 3
  m_MinimumChartSize: 4
  m_AutoUVMaxDistance: 0.5
  m_AutoUVMaxAngle: 89
  m_LightmapParameters: {fileID: 0}
  m_SortingLayerID: 0
  m_SortingLayer: 0
  m_SortingOrder: 0
--- !u!33 &1104837584
MeshFilter:
  m_ObjectHideFlags: 0
  m_CorrespondingSourceObject: {fileID: 33598536911926034, guid: 77037410433b3d8479757e53408a412b,
    type: 2}
  m_PrefabInternal: {fileID: 0}
  m_GameObject: {fileID: 1104837581}
  m_Mesh: {fileID: 10206, guid: 0000000000000000e000000000000000, type: 0}
--- !u!4 &1104837585
Transform:
  m_ObjectHideFlags: 0
  m_CorrespondingSourceObject: {fileID: 4558921058847392, guid: 77037410433b3d8479757e53408a412b,
    type: 2}
  m_PrefabInternal: {fileID: 0}
  m_GameObject: {fileID: 1104837581}
  m_LocalRotation: {x: -0, y: -0, z: -0, w: 1}
  m_LocalPosition: {x: 0, y: 0, z: 0}
  m_LocalScale: {x: 10, y: 2.5, z: 10}
  m_Children: []
  m_Father: {fileID: 2022448190}
  m_RootOrder: 1
  m_LocalEulerAnglesHint: {x: 0, y: 0, z: 0}
--- !u!1 &1106631095
GameObject:
  m_ObjectHideFlags: 0
  m_CorrespondingSourceObject: {fileID: 0}
  m_PrefabInternal: {fileID: 0}
  serializedVersion: 6
  m_Component:
  - component: {fileID: 1106631096}
  - component: {fileID: 1106631098}
  - component: {fileID: 1106631097}
  m_Layer: 5
  m_Name: TextMeshPro Text
  m_TagString: Untagged
  m_Icon: {fileID: 0}
  m_NavMeshLayer: 0
  m_StaticEditorFlags: 0
  m_IsActive: 1
--- !u!224 &1106631096
RectTransform:
  m_ObjectHideFlags: 0
  m_CorrespondingSourceObject: {fileID: 0}
  m_PrefabInternal: {fileID: 0}
  m_GameObject: {fileID: 1106631095}
  m_LocalRotation: {x: 0, y: 0, z: 0, w: 1}
  m_LocalPosition: {x: 0, y: 0, z: 0}
  m_LocalScale: {x: 1, y: 1, z: 1}
  m_Children: []
  m_Father: {fileID: 1826407428}
  m_RootOrder: 0
  m_LocalEulerAnglesHint: {x: 0, y: 0, z: 0}
  m_AnchorMin: {x: 0.5, y: 0.5}
  m_AnchorMax: {x: 0.5, y: 0.5}
  m_AnchoredPosition: {x: -834.9, y: -499.4}
  m_SizeDelta: {x: 250.2, y: 80.9}
  m_Pivot: {x: 0.5, y: 0.5}
--- !u!114 &1106631097
MonoBehaviour:
  m_ObjectHideFlags: 0
  m_CorrespondingSourceObject: {fileID: 0}
  m_PrefabInternal: {fileID: 0}
  m_GameObject: {fileID: 1106631095}
  m_Enabled: 1
  m_EditorHideFlags: 0
  m_Script: {fileID: 11500000, guid: f4688fdb7df04437aeb418b961361dc5, type: 3}
  m_Name: 
  m_EditorClassIdentifier: 
  m_Material: {fileID: 0}
  m_Color: {r: 1, g: 1, b: 1, a: 1}
  m_RaycastTarget: 1
  m_OnCullStateChanged:
    m_PersistentCalls:
      m_Calls: []
    m_TypeName: UnityEngine.UI.MaskableGraphic+CullStateChangedEvent, UnityEngine.UI,
      Version=1.0.0.0, Culture=neutral, PublicKeyToken=null
  m_text: New Text
  m_isRightToLeft: 0
  m_fontAsset: {fileID: 11400000, guid: af7041040f5e38843b8f77f6c86bf391, type: 2}
  m_sharedMaterial: {fileID: 21604796011300270, guid: af7041040f5e38843b8f77f6c86bf391,
    type: 2}
  m_fontSharedMaterials: []
  m_fontMaterial: {fileID: 0}
  m_fontMaterials: []
  m_fontColor32:
    serializedVersion: 2
    rgba: 4294967295
  m_fontColor: {r: 1, g: 1, b: 1, a: 1}
  m_enableVertexGradient: 0
  m_fontColorGradient:
    topLeft: {r: 1, g: 1, b: 1, a: 1}
    topRight: {r: 1, g: 1, b: 1, a: 1}
    bottomLeft: {r: 1, g: 1, b: 1, a: 1}
    bottomRight: {r: 1, g: 1, b: 1, a: 1}
  m_fontColorGradientPreset: {fileID: 0}
  m_spriteAsset: {fileID: 0}
  m_tintAllSprites: 0
  m_overrideHtmlColors: 0
  m_faceColor:
    serializedVersion: 2
    rgba: 4294967295
  m_outlineColor:
    serializedVersion: 2
    rgba: 4278190080
  m_fontSize: 36
  m_fontSizeBase: 36
  m_fontWeight: 400
  m_enableAutoSizing: 0
  m_fontSizeMin: 18
  m_fontSizeMax: 72
  m_fontStyle: 0
  m_textAlignment: 514
  m_isAlignmentEnumConverted: 1
  m_characterSpacing: 0
  m_wordSpacing: 0
  m_lineSpacing: 0
  m_lineSpacingMax: 0
  m_paragraphSpacing: 0
  m_charWidthMaxAdj: 0
  m_enableWordWrapping: 1
  m_wordWrappingRatios: 0.4
  m_overflowMode: 0
  m_firstOverflowCharacterIndex: -1
  m_linkedTextComponent: {fileID: 0}
  m_isLinkedTextComponent: 0
  m_isTextTruncated: 0
  m_enableKerning: 1
  m_enableExtraPadding: 0
  checkPaddingRequired: 0
  m_isRichText: 1
  m_parseCtrlCharacters: 1
  m_isOrthographic: 1
  m_isCullingEnabled: 0
  m_ignoreRectMaskCulling: 0
  m_ignoreCulling: 1
  m_horizontalMapping: 0
  m_verticalMapping: 0
  m_uvLineOffset: 0
  m_geometrySortingOrder: 0
  m_firstVisibleCharacter: 0
  m_useMaxVisibleDescender: 1
  m_pageToDisplay: 1
  m_margin: {x: 0, y: 0, z: 0, w: 0}
  m_textInfo:
    textComponent: {fileID: 1106631097}
    characterCount: 8
    spriteCount: 0
    spaceCount: 1
    wordCount: 2
    linkCount: 0
    lineCount: 1
    pageCount: 1
    materialCount: 1
  m_havePropertiesChanged: 0
  m_isUsingLegacyAnimationComponent: 0
  m_isVolumetricText: 0
  m_spriteAnimator: {fileID: 0}
  m_isInputParsingRequired: 0
  m_inputSource: 0
  m_hasFontAssetChanged: 0
  m_subTextObjects:
  - {fileID: 0}
  - {fileID: 0}
  - {fileID: 0}
  - {fileID: 0}
  - {fileID: 0}
  - {fileID: 0}
  - {fileID: 0}
  - {fileID: 0}
  m_baseMaterial: {fileID: 0}
  m_maskOffset: {x: 0, y: 0, z: 0, w: 0}
--- !u!222 &1106631098
CanvasRenderer:
  m_ObjectHideFlags: 0
  m_CorrespondingSourceObject: {fileID: 0}
  m_PrefabInternal: {fileID: 0}
  m_GameObject: {fileID: 1106631095}
  m_CullTransparentMesh: 0
--- !u!1 &1187385602
GameObject:
  m_ObjectHideFlags: 0
  m_CorrespondingSourceObject: {fileID: 1236592122639452, guid: 77037410433b3d8479757e53408a412b,
    type: 2}
  m_PrefabInternal: {fileID: 0}
  serializedVersion: 6
  m_Component:
  - component: {fileID: 1187385603}
  m_Layer: 0
  m_Name: InnerCircle
  m_TagString: Untagged
  m_Icon: {fileID: 0}
  m_NavMeshLayer: 0
  m_StaticEditorFlags: 0
  m_IsActive: 1
--- !u!4 &1187385603
Transform:
  m_ObjectHideFlags: 0
  m_CorrespondingSourceObject: {fileID: 4892926609498942, guid: 77037410433b3d8479757e53408a412b,
    type: 2}
  m_PrefabInternal: {fileID: 0}
  m_GameObject: {fileID: 1187385602}
  m_LocalRotation: {x: -0, y: -0, z: -0, w: 1}
  m_LocalPosition: {x: 0, y: 0, z: 0}
  m_LocalScale: {x: 1, y: 1, z: 1}
  m_Children:
  - {fileID: 624807571}
  - {fileID: 1221985713}
  - {fileID: 693060006}
  - {fileID: 1758566987}
  m_Father: {fileID: 2022448190}
  m_RootOrder: 2
  m_LocalEulerAnglesHint: {x: 0, y: 0, z: 0}
--- !u!1 &1190948329
GameObject:
  m_ObjectHideFlags: 0
  m_CorrespondingSourceObject: {fileID: 1610411020820082, guid: 77037410433b3d8479757e53408a412b,
    type: 2}
  m_PrefabInternal: {fileID: 0}
  serializedVersion: 6
  m_Component:
  - component: {fileID: 1190948330}
  - component: {fileID: 1190948333}
  - component: {fileID: 1190948332}
  - component: {fileID: 1190948331}
  m_Layer: 0
  m_Name: West
  m_TagString: Untagged
  m_Icon: {fileID: 0}
  m_NavMeshLayer: 0
  m_StaticEditorFlags: 0
  m_IsActive: 1
--- !u!4 &1190948330
Transform:
  m_ObjectHideFlags: 0
  m_CorrespondingSourceObject: {fileID: 4148852698643780, guid: 77037410433b3d8479757e53408a412b,
    type: 2}
  m_PrefabInternal: {fileID: 0}
  m_GameObject: {fileID: 1190948329}
  m_LocalRotation: {x: -0, y: -0, z: -0, w: 1}
  m_LocalPosition: {x: -23, y: 0, z: 0}
  m_LocalScale: {x: 10, y: 100, z: 10}
  m_Children: []
  m_Father: {fileID: 1668332449}
  m_RootOrder: 2
  m_LocalEulerAnglesHint: {x: 0, y: 0, z: 0}
--- !u!136 &1190948331
CapsuleCollider:
  m_ObjectHideFlags: 0
  m_CorrespondingSourceObject: {fileID: 136470221263091786, guid: 77037410433b3d8479757e53408a412b,
    type: 2}
  m_PrefabInternal: {fileID: 0}
  m_GameObject: {fileID: 1190948329}
  m_Material: {fileID: 0}
  m_IsTrigger: 0
  m_Enabled: 1
  m_Radius: 0.5000001
  m_Height: 2
  m_Direction: 1
  m_Center: {x: 0.000000059604645, y: 0, z: -0.00000008940697}
--- !u!23 &1190948332
MeshRenderer:
  m_ObjectHideFlags: 0
  m_CorrespondingSourceObject: {fileID: 23928691511550620, guid: 77037410433b3d8479757e53408a412b,
    type: 2}
  m_PrefabInternal: {fileID: 0}
  m_GameObject: {fileID: 1190948329}
  m_Enabled: 1
  m_CastShadows: 1
  m_ReceiveShadows: 1
  m_DynamicOccludee: 1
  m_MotionVectors: 1
  m_LightProbeUsage: 1
  m_ReflectionProbeUsage: 1
  m_RenderingLayerMask: 4294967295
  m_Materials:
  - {fileID: 2100000, guid: 15bdd6592ee19e74e87edd5382df76c0, type: 2}
  m_StaticBatchInfo:
    firstSubMesh: 0
    subMeshCount: 0
  m_StaticBatchRoot: {fileID: 0}
  m_ProbeAnchor: {fileID: 0}
  m_LightProbeVolumeOverride: {fileID: 0}
  m_ScaleInLightmap: 1
  m_PreserveUVs: 0
  m_IgnoreNormalsForChartDetection: 0
  m_ImportantGI: 0
  m_StitchLightmapSeams: 0
  m_SelectedEditorRenderState: 3
  m_MinimumChartSize: 4
  m_AutoUVMaxDistance: 0.5
  m_AutoUVMaxAngle: 89
  m_LightmapParameters: {fileID: 0}
  m_SortingLayerID: 0
  m_SortingLayer: 0
  m_SortingOrder: 0
--- !u!33 &1190948333
MeshFilter:
  m_ObjectHideFlags: 0
  m_CorrespondingSourceObject: {fileID: 33291281268213774, guid: 77037410433b3d8479757e53408a412b,
    type: 2}
  m_PrefabInternal: {fileID: 0}
  m_GameObject: {fileID: 1190948329}
  m_Mesh: {fileID: 10206, guid: 0000000000000000e000000000000000, type: 0}
--- !u!1 &1221985709
GameObject:
  m_ObjectHideFlags: 0
  m_CorrespondingSourceObject: {fileID: 1050543359438902, guid: 77037410433b3d8479757e53408a412b,
    type: 2}
  m_PrefabInternal: {fileID: 0}
  serializedVersion: 6
  m_Component:
  - component: {fileID: 1221985713}
  - component: {fileID: 1221985712}
  - component: {fileID: 1221985711}
  - component: {fileID: 1221985710}
  m_Layer: 0
  m_Name: East
  m_TagString: Untagged
  m_Icon: {fileID: 0}
  m_NavMeshLayer: 0
  m_StaticEditorFlags: 0
  m_IsActive: 1
--- !u!136 &1221985710
CapsuleCollider:
  m_ObjectHideFlags: 0
  m_CorrespondingSourceObject: {fileID: 136781772960514544, guid: 77037410433b3d8479757e53408a412b,
    type: 2}
  m_PrefabInternal: {fileID: 0}
  m_GameObject: {fileID: 1221985709}
  m_Material: {fileID: 0}
  m_IsTrigger: 0
  m_Enabled: 1
  m_Radius: 0.5000001
  m_Height: 2
  m_Direction: 1
  m_Center: {x: 0.000000059604645, y: 0, z: -0.00000008940697}
--- !u!23 &1221985711
MeshRenderer:
  m_ObjectHideFlags: 0
  m_CorrespondingSourceObject: {fileID: 23790341350912264, guid: 77037410433b3d8479757e53408a412b,
    type: 2}
  m_PrefabInternal: {fileID: 0}
  m_GameObject: {fileID: 1221985709}
  m_Enabled: 1
  m_CastShadows: 1
  m_ReceiveShadows: 1
  m_DynamicOccludee: 1
  m_MotionVectors: 1
  m_LightProbeUsage: 1
  m_ReflectionProbeUsage: 1
  m_RenderingLayerMask: 4294967295
  m_Materials:
  - {fileID: 2100000, guid: 15bdd6592ee19e74e87edd5382df76c0, type: 2}
  m_StaticBatchInfo:
    firstSubMesh: 0
    subMeshCount: 0
  m_StaticBatchRoot: {fileID: 0}
  m_ProbeAnchor: {fileID: 0}
  m_LightProbeVolumeOverride: {fileID: 0}
  m_ScaleInLightmap: 1
  m_PreserveUVs: 0
  m_IgnoreNormalsForChartDetection: 0
  m_ImportantGI: 0
  m_StitchLightmapSeams: 0
  m_SelectedEditorRenderState: 3
  m_MinimumChartSize: 4
  m_AutoUVMaxDistance: 0.5
  m_AutoUVMaxAngle: 89
  m_LightmapParameters: {fileID: 0}
  m_SortingLayerID: 0
  m_SortingLayer: 0
  m_SortingOrder: 0
--- !u!33 &1221985712
MeshFilter:
  m_ObjectHideFlags: 0
  m_CorrespondingSourceObject: {fileID: 33933700748718692, guid: 77037410433b3d8479757e53408a412b,
    type: 2}
  m_PrefabInternal: {fileID: 0}
  m_GameObject: {fileID: 1221985709}
  m_Mesh: {fileID: 10206, guid: 0000000000000000e000000000000000, type: 0}
--- !u!4 &1221985713
Transform:
  m_ObjectHideFlags: 0
  m_CorrespondingSourceObject: {fileID: 4874776651759690, guid: 77037410433b3d8479757e53408a412b,
    type: 2}
  m_PrefabInternal: {fileID: 0}
  m_GameObject: {fileID: 1221985709}
  m_LocalRotation: {x: -0, y: -0, z: -0, w: 1}
  m_LocalPosition: {x: 23, y: 0, z: 0}
  m_LocalScale: {x: 10, y: 100, z: 10}
  m_Children: []
  m_Father: {fileID: 1187385603}
  m_RootOrder: 1
  m_LocalEulerAnglesHint: {x: 0, y: 0, z: 0}
--- !u!1 &1361157050
GameObject:
  m_ObjectHideFlags: 0
  m_CorrespondingSourceObject: {fileID: 1795874110495620, guid: 77037410433b3d8479757e53408a412b,
    type: 2}
  m_PrefabInternal: {fileID: 0}
  serializedVersion: 6
  m_Component:
  - component: {fileID: 1361157051}
  - component: {fileID: 1361157054}
  - component: {fileID: 1361157053}
  - component: {fileID: 1361157052}
  m_Layer: 0
  m_Name: South
  m_TagString: Untagged
  m_Icon: {fileID: 0}
  m_NavMeshLayer: 0
  m_StaticEditorFlags: 0
  m_IsActive: 1
--- !u!4 &1361157051
Transform:
  m_ObjectHideFlags: 0
  m_CorrespondingSourceObject: {fileID: 4633039514032822, guid: 77037410433b3d8479757e53408a412b,
    type: 2}
  m_PrefabInternal: {fileID: 0}
  m_GameObject: {fileID: 1361157050}
  m_LocalRotation: {x: -0, y: -0, z: -0, w: 1}
  m_LocalPosition: {x: 0, y: 0, z: -23}
  m_LocalScale: {x: 10, y: 100, z: 10}
  m_Children: []
  m_Father: {fileID: 1378500045}
  m_RootOrder: 3
  m_LocalEulerAnglesHint: {x: 0, y: 0, z: 0}
--- !u!136 &1361157052
CapsuleCollider:
  m_ObjectHideFlags: 0
  m_CorrespondingSourceObject: {fileID: 136453492519313914, guid: 77037410433b3d8479757e53408a412b,
    type: 2}
  m_PrefabInternal: {fileID: 0}
  m_GameObject: {fileID: 1361157050}
  m_Material: {fileID: 0}
  m_IsTrigger: 0
  m_Enabled: 1
  m_Radius: 0.5000001
  m_Height: 2
  m_Direction: 1
  m_Center: {x: 0.000000059604645, y: 0, z: -0.00000008940697}
--- !u!23 &1361157053
MeshRenderer:
  m_ObjectHideFlags: 0
  m_CorrespondingSourceObject: {fileID: 23592564197715260, guid: 77037410433b3d8479757e53408a412b,
    type: 2}
  m_PrefabInternal: {fileID: 0}
  m_GameObject: {fileID: 1361157050}
  m_Enabled: 1
  m_CastShadows: 1
  m_ReceiveShadows: 1
  m_DynamicOccludee: 1
  m_MotionVectors: 1
  m_LightProbeUsage: 1
  m_ReflectionProbeUsage: 1
  m_RenderingLayerMask: 4294967295
  m_Materials:
  - {fileID: 2100000, guid: 15bdd6592ee19e74e87edd5382df76c0, type: 2}
  m_StaticBatchInfo:
    firstSubMesh: 0
    subMeshCount: 0
  m_StaticBatchRoot: {fileID: 0}
  m_ProbeAnchor: {fileID: 0}
  m_LightProbeVolumeOverride: {fileID: 0}
  m_ScaleInLightmap: 1
  m_PreserveUVs: 0
  m_IgnoreNormalsForChartDetection: 0
  m_ImportantGI: 0
  m_StitchLightmapSeams: 0
  m_SelectedEditorRenderState: 3
  m_MinimumChartSize: 4
  m_AutoUVMaxDistance: 0.5
  m_AutoUVMaxAngle: 89
  m_LightmapParameters: {fileID: 0}
  m_SortingLayerID: 0
  m_SortingLayer: 0
  m_SortingOrder: 0
--- !u!33 &1361157054
MeshFilter:
  m_ObjectHideFlags: 0
  m_CorrespondingSourceObject: {fileID: 33338182018679672, guid: 77037410433b3d8479757e53408a412b,
    type: 2}
  m_PrefabInternal: {fileID: 0}
  m_GameObject: {fileID: 1361157050}
  m_Mesh: {fileID: 10206, guid: 0000000000000000e000000000000000, type: 0}
--- !u!1 &1378500044
GameObject:
  m_ObjectHideFlags: 0
  m_CorrespondingSourceObject: {fileID: 1322815867779588, guid: 77037410433b3d8479757e53408a412b,
    type: 2}
  m_PrefabInternal: {fileID: 0}
  serializedVersion: 6
  m_Component:
  - component: {fileID: 1378500045}
  m_Layer: 0
  m_Name: UberOuterCircle
  m_TagString: Untagged
  m_Icon: {fileID: 0}
  m_NavMeshLayer: 0
  m_StaticEditorFlags: 0
  m_IsActive: 1
--- !u!4 &1378500045
Transform:
  m_ObjectHideFlags: 0
  m_CorrespondingSourceObject: {fileID: 4394020247565908, guid: 77037410433b3d8479757e53408a412b,
    type: 2}
  m_PrefabInternal: {fileID: 0}
  m_GameObject: {fileID: 1378500044}
  m_LocalRotation: {x: 0, y: 0.7071068, z: 0, w: 0.7071068}
  m_LocalPosition: {x: 0, y: 0, z: 0}
  m_LocalScale: {x: 4, y: 4, z: 4}
  m_Children:
  - {fileID: 260807629}
  - {fileID: 842919083}
  - {fileID: 1074430282}
  - {fileID: 1361157051}
  m_Father: {fileID: 2022448190}
  m_RootOrder: 4
  m_LocalEulerAnglesHint: {x: 0, y: 90, z: 0}
--- !u!1 &1524094413
GameObject:
  m_ObjectHideFlags: 0
  m_CorrespondingSourceObject: {fileID: 1952878509280506, guid: 77037410433b3d8479757e53408a412b,
    type: 2}
  m_PrefabInternal: {fileID: 0}
  serializedVersion: 6
  m_Component:
  - component: {fileID: 1524094414}
  - component: {fileID: 1524094417}
  - component: {fileID: 1524094416}
  - component: {fileID: 1524094415}
  - component: {fileID: 1524094418}
  m_Layer: 0
  m_Name: Ground
  m_TagString: Untagged
  m_Icon: {fileID: 0}
  m_NavMeshLayer: 0
  m_StaticEditorFlags: 0
  m_IsActive: 1
--- !u!4 &1524094414
Transform:
  m_ObjectHideFlags: 0
  m_CorrespondingSourceObject: {fileID: 4797128003557174, guid: 77037410433b3d8479757e53408a412b,
    type: 2}
  m_PrefabInternal: {fileID: 0}
  m_GameObject: {fileID: 1524094413}
  m_LocalRotation: {x: -0, y: -0, z: -0, w: 1}
  m_LocalPosition: {x: 0, y: 0, z: 0}
  m_LocalScale: {x: 121.2, y: 1, z: 121.2}
  m_Children: []
  m_Father: {fileID: 2022448190}
  m_RootOrder: 0
  m_LocalEulerAnglesHint: {x: 0, y: 0, z: 0}
--- !u!64 &1524094415
MeshCollider:
  m_ObjectHideFlags: 0
  m_CorrespondingSourceObject: {fileID: 64538600214481786, guid: 77037410433b3d8479757e53408a412b,
    type: 2}
  m_PrefabInternal: {fileID: 0}
  m_GameObject: {fileID: 1524094413}
  m_Material: {fileID: 0}
  m_IsTrigger: 0
  m_Enabled: 1
  serializedVersion: 3
  m_Convex: 0
  m_CookingOptions: 14
  m_SkinWidth: 0.01
  m_Mesh: {fileID: 10206, guid: 0000000000000000e000000000000000, type: 0}
--- !u!23 &1524094416
MeshRenderer:
  m_ObjectHideFlags: 0
  m_CorrespondingSourceObject: {fileID: 23299052340182212, guid: 77037410433b3d8479757e53408a412b,
    type: 2}
  m_PrefabInternal: {fileID: 0}
  m_GameObject: {fileID: 1524094413}
  m_Enabled: 1
  m_CastShadows: 1
  m_ReceiveShadows: 1
  m_DynamicOccludee: 1
  m_MotionVectors: 1
  m_LightProbeUsage: 1
  m_ReflectionProbeUsage: 1
  m_RenderingLayerMask: 4294967295
  m_Materials:
  - {fileID: 2100000, guid: 15bdd6592ee19e74e87edd5382df76c0, type: 2}
  m_StaticBatchInfo:
    firstSubMesh: 0
    subMeshCount: 0
  m_StaticBatchRoot: {fileID: 0}
  m_ProbeAnchor: {fileID: 0}
  m_LightProbeVolumeOverride: {fileID: 0}
  m_ScaleInLightmap: 1
  m_PreserveUVs: 0
  m_IgnoreNormalsForChartDetection: 0
  m_ImportantGI: 0
  m_StitchLightmapSeams: 0
  m_SelectedEditorRenderState: 3
  m_MinimumChartSize: 4
  m_AutoUVMaxDistance: 0.5
  m_AutoUVMaxAngle: 89
  m_LightmapParameters: {fileID: 0}
  m_SortingLayerID: 0
  m_SortingLayer: 0
  m_SortingOrder: 0
--- !u!33 &1524094417
MeshFilter:
  m_ObjectHideFlags: 0
  m_CorrespondingSourceObject: {fileID: 33568689636579966, guid: 77037410433b3d8479757e53408a412b,
    type: 2}
  m_PrefabInternal: {fileID: 0}
  m_GameObject: {fileID: 1524094413}
  m_Mesh: {fileID: 10206, guid: 0000000000000000e000000000000000, type: 0}
--- !u!114 &1524094418
MonoBehaviour:
  m_ObjectHideFlags: 0
  m_CorrespondingSourceObject: {fileID: 114280636244184844, guid: 77037410433b3d8479757e53408a412b,
    type: 2}
  m_PrefabInternal: {fileID: 0}
  m_GameObject: {fileID: 1524094413}
  m_Enabled: 1
  m_EditorHideFlags: 0
  m_Script: {fileID: 11500000, guid: 3556226255c47aa4ca9b7bf3c8b05a41, type: 3}
  m_Name: 
  m_EditorClassIdentifier: 
--- !u!1 &1660304736
GameObject:
  m_ObjectHideFlags: 0
  m_CorrespondingSourceObject: {fileID: 1978821281999776, guid: 77037410433b3d8479757e53408a412b,
    type: 2}
  m_PrefabInternal: {fileID: 0}
  serializedVersion: 6
  m_Component:
  - component: {fileID: 1660304737}
  - component: {fileID: 1660304740}
  - component: {fileID: 1660304739}
  - component: {fileID: 1660304738}
  m_Layer: 0
  m_Name: South
  m_TagString: Untagged
  m_Icon: {fileID: 0}
  m_NavMeshLayer: 0
  m_StaticEditorFlags: 0
  m_IsActive: 1
--- !u!4 &1660304737
Transform:
  m_ObjectHideFlags: 0
  m_CorrespondingSourceObject: {fileID: 4776467488627960, guid: 77037410433b3d8479757e53408a412b,
    type: 2}
  m_PrefabInternal: {fileID: 0}
  m_GameObject: {fileID: 1660304736}
  m_LocalRotation: {x: -0, y: -0, z: -0, w: 1}
  m_LocalPosition: {x: 0, y: 0, z: -23}
  m_LocalScale: {x: 10, y: 100, z: 10}
  m_Children: []
  m_Father: {fileID: 1668332449}
  m_RootOrder: 3
  m_LocalEulerAnglesHint: {x: 0, y: 0, z: 0}
--- !u!136 &1660304738
CapsuleCollider:
  m_ObjectHideFlags: 0
  m_CorrespondingSourceObject: {fileID: 136404427601698354, guid: 77037410433b3d8479757e53408a412b,
    type: 2}
  m_PrefabInternal: {fileID: 0}
  m_GameObject: {fileID: 1660304736}
  m_Material: {fileID: 0}
  m_IsTrigger: 0
  m_Enabled: 1
  m_Radius: 0.5000001
  m_Height: 2
  m_Direction: 1
  m_Center: {x: 0.000000059604645, y: 0, z: -0.00000008940697}
--- !u!23 &1660304739
MeshRenderer:
  m_ObjectHideFlags: 0
  m_CorrespondingSourceObject: {fileID: 23466134866156706, guid: 77037410433b3d8479757e53408a412b,
    type: 2}
  m_PrefabInternal: {fileID: 0}
  m_GameObject: {fileID: 1660304736}
  m_Enabled: 1
  m_CastShadows: 1
  m_ReceiveShadows: 1
  m_DynamicOccludee: 1
  m_MotionVectors: 1
  m_LightProbeUsage: 1
  m_ReflectionProbeUsage: 1
  m_RenderingLayerMask: 4294967295
  m_Materials:
  - {fileID: 2100000, guid: 15bdd6592ee19e74e87edd5382df76c0, type: 2}
  m_StaticBatchInfo:
    firstSubMesh: 0
    subMeshCount: 0
  m_StaticBatchRoot: {fileID: 0}
  m_ProbeAnchor: {fileID: 0}
  m_LightProbeVolumeOverride: {fileID: 0}
  m_ScaleInLightmap: 1
  m_PreserveUVs: 0
  m_IgnoreNormalsForChartDetection: 0
  m_ImportantGI: 0
  m_StitchLightmapSeams: 0
  m_SelectedEditorRenderState: 3
  m_MinimumChartSize: 4
  m_AutoUVMaxDistance: 0.5
  m_AutoUVMaxAngle: 89
  m_LightmapParameters: {fileID: 0}
  m_SortingLayerID: 0
  m_SortingLayer: 0
  m_SortingOrder: 0
--- !u!33 &1660304740
MeshFilter:
  m_ObjectHideFlags: 0
  m_CorrespondingSourceObject: {fileID: 33544857786371732, guid: 77037410433b3d8479757e53408a412b,
    type: 2}
  m_PrefabInternal: {fileID: 0}
  m_GameObject: {fileID: 1660304736}
  m_Mesh: {fileID: 10206, guid: 0000000000000000e000000000000000, type: 0}
--- !u!1 &1668332448
GameObject:
  m_ObjectHideFlags: 0
  m_CorrespondingSourceObject: {fileID: 1131092346669774, guid: 77037410433b3d8479757e53408a412b,
    type: 2}
  m_PrefabInternal: {fileID: 0}
  serializedVersion: 6
  m_Component:
  - component: {fileID: 1668332449}
  m_Layer: 0
  m_Name: OuterCircle
  m_TagString: Untagged
  m_Icon: {fileID: 0}
  m_NavMeshLayer: 0
  m_StaticEditorFlags: 0
  m_IsActive: 1
--- !u!4 &1668332449
Transform:
  m_ObjectHideFlags: 0
  m_CorrespondingSourceObject: {fileID: 4799541192955840, guid: 77037410433b3d8479757e53408a412b,
    type: 2}
  m_PrefabInternal: {fileID: 0}
  m_GameObject: {fileID: 1668332448}
  m_LocalRotation: {x: 0, y: 0.38268343, z: 0, w: 0.92387956}
  m_LocalPosition: {x: 0, y: 0, z: 0}
  m_LocalScale: {x: 2, y: 2, z: 2}
  m_Children:
  - {fileID: 809405947}
  - {fileID: 433325275}
  - {fileID: 1190948330}
  - {fileID: 1660304737}
  m_Father: {fileID: 2022448190}
  m_RootOrder: 3
  m_LocalEulerAnglesHint: {x: 0, y: 45, z: 0}
--- !u!1 &1758566983
GameObject:
  m_ObjectHideFlags: 0
  m_CorrespondingSourceObject: {fileID: 1632754075830764, guid: 77037410433b3d8479757e53408a412b,
    type: 2}
  m_PrefabInternal: {fileID: 0}
  serializedVersion: 6
  m_Component:
  - component: {fileID: 1758566987}
  - component: {fileID: 1758566986}
  - component: {fileID: 1758566985}
  - component: {fileID: 1758566984}
  m_Layer: 0
  m_Name: South
  m_TagString: Untagged
  m_Icon: {fileID: 0}
  m_NavMeshLayer: 0
  m_StaticEditorFlags: 0
  m_IsActive: 1
--- !u!136 &1758566984
CapsuleCollider:
  m_ObjectHideFlags: 0
  m_CorrespondingSourceObject: {fileID: 136548844162393186, guid: 77037410433b3d8479757e53408a412b,
    type: 2}
  m_PrefabInternal: {fileID: 0}
  m_GameObject: {fileID: 1758566983}
  m_Material: {fileID: 0}
  m_IsTrigger: 0
  m_Enabled: 1
  m_Radius: 0.5000001
  m_Height: 2
  m_Direction: 1
  m_Center: {x: 0.000000059604645, y: 0, z: -0.00000008940697}
--- !u!23 &1758566985
MeshRenderer:
  m_ObjectHideFlags: 0
  m_CorrespondingSourceObject: {fileID: 23366353437175806, guid: 77037410433b3d8479757e53408a412b,
    type: 2}
  m_PrefabInternal: {fileID: 0}
  m_GameObject: {fileID: 1758566983}
  m_Enabled: 1
  m_CastShadows: 1
  m_ReceiveShadows: 1
  m_DynamicOccludee: 1
  m_MotionVectors: 1
  m_LightProbeUsage: 1
  m_ReflectionProbeUsage: 1
  m_RenderingLayerMask: 4294967295
  m_Materials:
  - {fileID: 2100000, guid: 15bdd6592ee19e74e87edd5382df76c0, type: 2}
  m_StaticBatchInfo:
    firstSubMesh: 0
    subMeshCount: 0
  m_StaticBatchRoot: {fileID: 0}
  m_ProbeAnchor: {fileID: 0}
  m_LightProbeVolumeOverride: {fileID: 0}
  m_ScaleInLightmap: 1
  m_PreserveUVs: 0
  m_IgnoreNormalsForChartDetection: 0
  m_ImportantGI: 0
  m_StitchLightmapSeams: 0
  m_SelectedEditorRenderState: 3
  m_MinimumChartSize: 4
  m_AutoUVMaxDistance: 0.5
  m_AutoUVMaxAngle: 89
  m_LightmapParameters: {fileID: 0}
  m_SortingLayerID: 0
  m_SortingLayer: 0
  m_SortingOrder: 0
--- !u!33 &1758566986
MeshFilter:
  m_ObjectHideFlags: 0
  m_CorrespondingSourceObject: {fileID: 33182116966176836, guid: 77037410433b3d8479757e53408a412b,
    type: 2}
  m_PrefabInternal: {fileID: 0}
  m_GameObject: {fileID: 1758566983}
  m_Mesh: {fileID: 10206, guid: 0000000000000000e000000000000000, type: 0}
--- !u!4 &1758566987
Transform:
  m_ObjectHideFlags: 0
  m_CorrespondingSourceObject: {fileID: 4676667200319120, guid: 77037410433b3d8479757e53408a412b,
    type: 2}
  m_PrefabInternal: {fileID: 0}
  m_GameObject: {fileID: 1758566983}
  m_LocalRotation: {x: -0, y: -0, z: -0, w: 1}
  m_LocalPosition: {x: 0, y: 0, z: -23}
  m_LocalScale: {x: 10, y: 100, z: 10}
  m_Children: []
  m_Father: {fileID: 1187385603}
  m_RootOrder: 3
  m_LocalEulerAnglesHint: {x: 0, y: 0, z: 0}
--- !u!1 &1826407424
GameObject:
  m_ObjectHideFlags: 0
  m_CorrespondingSourceObject: {fileID: 0}
  m_PrefabInternal: {fileID: 0}
  serializedVersion: 6
  m_Component:
  - component: {fileID: 1826407428}
  - component: {fileID: 1826407427}
  - component: {fileID: 1826407426}
  - component: {fileID: 1826407425}
  m_Layer: 5
  m_Name: Canvas
  m_TagString: Untagged
  m_Icon: {fileID: 0}
  m_NavMeshLayer: 0
  m_StaticEditorFlags: 0
  m_IsActive: 1
--- !u!114 &1826407425
MonoBehaviour:
  m_ObjectHideFlags: 0
  m_CorrespondingSourceObject: {fileID: 0}
  m_PrefabInternal: {fileID: 0}
  m_GameObject: {fileID: 1826407424}
  m_Enabled: 1
  m_EditorHideFlags: 0
  m_Script: {fileID: 1301386320, guid: f70555f144d8491a825f0804e09c671c, type: 3}
  m_Name: 
  m_EditorClassIdentifier: 
  m_IgnoreReversedGraphics: 1
  m_BlockingObjects: 0
  m_BlockingMask:
    serializedVersion: 2
    m_Bits: 4294967295
--- !u!114 &1826407426
MonoBehaviour:
  m_ObjectHideFlags: 0
  m_CorrespondingSourceObject: {fileID: 0}
  m_PrefabInternal: {fileID: 0}
  m_GameObject: {fileID: 1826407424}
  m_Enabled: 1
  m_EditorHideFlags: 0
  m_Script: {fileID: 1980459831, guid: f70555f144d8491a825f0804e09c671c, type: 3}
  m_Name: 
  m_EditorClassIdentifier: 
  m_UiScaleMode: 1
  m_ReferencePixelsPerUnit: 100
  m_ScaleFactor: 1
  m_ReferenceResolution: {x: 1920, y: 1080}
  m_ScreenMatchMode: 0
  m_MatchWidthOrHeight: 0
  m_PhysicalUnit: 3
  m_FallbackScreenDPI: 96
  m_DefaultSpriteDPI: 96
  m_DynamicPixelsPerUnit: 1
--- !u!223 &1826407427
Canvas:
  m_ObjectHideFlags: 0
  m_CorrespondingSourceObject: {fileID: 0}
  m_PrefabInternal: {fileID: 0}
  m_GameObject: {fileID: 1826407424}
  m_Enabled: 1
  serializedVersion: 3
  m_RenderMode: 0
  m_Camera: {fileID: 0}
  m_PlaneDistance: 100
  m_PixelPerfect: 0
  m_ReceivesEvents: 1
  m_OverrideSorting: 0
  m_OverridePixelPerfect: 0
  m_SortingBucketNormalizedSize: 0
  m_AdditionalShaderChannelsFlag: 25
  m_SortingLayerID: 0
  m_SortingOrder: 0
  m_TargetDisplay: 0
--- !u!224 &1826407428
RectTransform:
  m_ObjectHideFlags: 0
  m_CorrespondingSourceObject: {fileID: 0}
  m_PrefabInternal: {fileID: 0}
  m_GameObject: {fileID: 1826407424}
  m_LocalRotation: {x: 0, y: 0, z: 0, w: 1}
  m_LocalPosition: {x: 0, y: 0, z: 0}
  m_LocalScale: {x: 0, y: 0, z: 0}
  m_Children:
  - {fileID: 1106631096}
  m_Father: {fileID: 0}
  m_RootOrder: 2
  m_LocalEulerAnglesHint: {x: 0, y: 0, z: 0}
  m_AnchorMin: {x: 0, y: 0}
  m_AnchorMax: {x: 0, y: 0}
  m_AnchoredPosition: {x: 0, y: 0}
  m_SizeDelta: {x: 0, y: 0}
  m_Pivot: {x: 0, y: 0}
--- !u!1 &2022448189
GameObject:
  m_ObjectHideFlags: 0
  m_CorrespondingSourceObject: {fileID: 1890189088330518, guid: 77037410433b3d8479757e53408a412b,
    type: 2}
  m_PrefabInternal: {fileID: 0}
  serializedVersion: 6
  m_Component:
  - component: {fileID: 2022448190}
  - component: {fileID: 2022448191}
  m_Layer: 0
  m_Name: Decors
  m_TagString: Untagged
  m_Icon: {fileID: 0}
  m_NavMeshLayer: 0
  m_StaticEditorFlags: 0
  m_IsActive: 1
--- !u!4 &2022448190
Transform:
  m_ObjectHideFlags: 0
  m_CorrespondingSourceObject: {fileID: 4488713893070514, guid: 77037410433b3d8479757e53408a412b,
    type: 2}
  m_PrefabInternal: {fileID: 0}
  m_GameObject: {fileID: 2022448189}
  m_LocalRotation: {x: 0, y: 0, z: 0, w: 1}
  m_LocalPosition: {x: 0, y: 0, z: 0}
  m_LocalScale: {x: 1, y: 1, z: 1}
  m_Children:
  - {fileID: 1524094414}
  - {fileID: 1104837585}
  - {fileID: 1187385603}
  - {fileID: 1668332449}
  - {fileID: 1378500045}
  m_Father: {fileID: 0}
  m_RootOrder: 1
  m_LocalEulerAnglesHint: {x: 0, y: 0, z: 0}
--- !u!114 &2022448191
MonoBehaviour:
  m_ObjectHideFlags: 0
  m_CorrespondingSourceObject: {fileID: 114602205398759740, guid: 77037410433b3d8479757e53408a412b,
    type: 2}
  m_PrefabInternal: {fileID: 0}
  m_GameObject: {fileID: 2022448189}
  m_Enabled: 1
  m_EditorHideFlags: 0
  m_Script: {fileID: 11500000, guid: 0236c4d9c7f1ad84a84571b0a389dbc2, type: 3}
  m_Name: 
  m_EditorClassIdentifier: 
  toSpawn: {fileID: 1188452743519308, guid: fde2cf7730a9a954e8561c376958171e, type: 2}
  WhalePrefab: {fileID: 1247815694600118, guid: 89c317067fa9dcb409bc44324a99be2e,
    type: 2}
  distanceFromCenter: 120
  nbSpawner: 10
  angleToCover: 360
  offset: 0
  tikets: 200
  spawnRate: 6
